%Remember to use the following steps for compiling bibtex file in LaTeX file:
%1. PDFLaTeX
%2. BibTeX
%3. PDFLaTeX
%4. PDFLaTeX

@book{kopka2004guide,
  title     = {A Guide to \LaTeX},
  author    = {Kopka, Helmut and Daly, Patrick W},
  year      = {1999},
  publisher = {Harlow, England: Addison-Wesley}
}
@inproceedings{baizal2016ontology,
  title        = {Ontology-based recommendation involving consumer product reviews},
  author       = {Baizal, ZKA and Iskandar, Abdurrahman and Nasution, Erliansyah},
  booktitle    = {2016 4th International Conference on Information and Communication Technology (ICoICT)},
  pages        = {1--6},
  year         = {2016},
  organization = {IEEE}
}
@article{baizal2018generating,
  title     = {Generating travel itinerary using ant collony optimization},
  author    = {Baizal, ZK Abdurahman and Rahmawati, Aniq A and Lhaksmana, Kemas M and Mubarok, Moh Z and Qadrian, M},
  journal   = {Telkomnika},
  volume    = {16},
  number    = {3},
  pages     = {1208--1216},
  year      = {2018},
  publisher = {Ahmad Dahlan University}
}
@article{junaedi2011data,
  title   = {Data transformation pada data mining},
  author  = {Junaedi, Hartanto and Budianto, Herman and Maryati, Indra and Melani, Yuliana},
  journal = {Prosiding Konferensi nasional “Inovasi dalam Desain dan Teknologi”. IDeaTech},
  year    = {2011}
}
@inproceedings{yilmaz2021detection,
  title        = {Detection and breed classification of cattle using yolo v4 algorithm},
  author       = {Y{\i}lmaz, Alperen and Uzun, Gizem Nur and G{\"u}rb{\"u}z, Mustafa Zahid and K{\i}vrak, O{\u{g}}uzhan},
  booktitle    = {2021 International Conference on INnovations in Intelligent SysTems and Applications (INISTA)},
  pages        = {1--4},
  year         = {2021},
  organization = {IEEE}
}

@article{chattf,
  author   = {Xu, Jun and Zhang, Hao and Zhang, Haijing and Lu, Jiawei and Xiao, Gang},
  journal  = {IEEE Access},
  title    = {ChatTf},
  year     = {2024},
  volume   = {12},
  number   = {},
  pages    = {162638-162650},
  keywords = {Ontologies;Knowledge graphs;Cultural differences;Large language models;Knowledge engineering;Training;Cognition;Accuracy;Semantics;Reliability;Knowledge graph;large language model;question answering;retrieval-augmented generation;traditional folklore},
  doi      = {10.1109/ACCESS.2024.3485877}
}
